@comment --- M ---
@misc{mueller2006grundlagen,
author={Mueller, Ian},
title={English translation of ``Grundlagen der Mathematiks'' (1934)},
year={2006},
howpublished={\url{https://www.phil.cmu.edu/projects/bernays/Pdf/grundlagen1.pdf}; see also \url{https://www.phil.cmu.edu/projects/bernays/b-translations.html}}
}

@comment --- Q ---
@book{quine1981mathematical,
author={Quine, W.V.O.},
title={{Mathematical Logic}},
year={1981},
edition={fourth},
publisher={Harvard University Press}
}

@comment --- Z ---
@misc{zach2001practicefinitismepsiloncalculus,
      author={Richard Zach},
      title={{The Practice of Finitism: Epsilon Calculus and Consistency Proofs in Hilbert's Program}}, 
      year={2001},
      eprint={math/0102189},
      archivePrefix={arXiv},
      primaryClass={math.LO}
}

@article{Zach2004,
   author={Zach, Richard},
   title={{Hilbert's `Verungl\"{u}ckter Beweis', the first epsilon theorem, and consistency proofs}},
   volume={25},
   ISSN={1464-5149},
   DOI={10.1080/01445340310001606930},
   number={2},
   journal={History and Philosophy of Logic},
   publisher={Informa UK Limited},
   year={2004},
   month=may,
   pages={79--94},
      eprint={math/0204255},
      archivePrefix={arXiv},
      primaryClass={math.LO}
}

@inbook{Zach2007,
   author={Zach, Richard},
   title={{Hilbert's Program Then and Now}},
   ISBN={9780444515414},
   DOI={10.1016/b978-044451541-4/50014-2},
   booktitle={{Philosophy of Logic}},
   publisher={Elsevier},
   year={2007},
   pages={411--447},
      eprint={math/0508572},
      archivePrefix={arXiv},
      primaryClass={math.LO}
}
